@misc{mcwiki2015,
  author       = {Minecraft Fandom Wiki User-10384423},
  title        = {{Violetter Shulker}},
  howpublished = {\url{https://minecraft.fandom.com/de/wiki/Shulker?file=Violetter_Shulker.png}},
  year         = {2015},
  note         = {Abgerufen am 08. März 2022}
}

@misc{csharpwikipedia,
	author       = {Wikipedia},
	title        = {{C-Sharp}},
	howpublished = {\url{https://de.wikipedia.org/wiki/C-Sharp}},
	year         = {2022},
	note         = {Abgerufen am 09. März 2022}
}

@misc{csharpmicrosoft,
	author       = {Microsoft},
	title        = {A tour of the C Sharp Language},
	howpublished = {\url{https://docs.microsoft.com/en-us/dotnet/csharp/tour-of-csharp/}},
	year         = {2022},
	note         = {Abgerufen am 14. März 2022}
}

@misc{dotnetmicrosoft,
	author       = {Microsoft},
	title        = {What is dotnet},
	howpublished = {\url{https://docs.microsoft.com/en-us/dotnet/core/introduction}},
	year         = {2022},
	note         = {Abgerufen am 14. März 2022}
}

@misc{dartwikipedia,
	author       = {Wikipedia},
	title        = {Dart Programming Language},
	howpublished = {\url{https://en.wikipedia.org/wiki/Dart_(programming_language)}},
	year         = {2022},
	note         = {Abgerufen am 15. März 2022}
}

@misc{flutterwikipediaEN,
	author       = {Wikipedia},
	title        = {Flutter software},
	howpublished = {\url{https://en.wikipedia.org/wiki/Flutter\_(software)}},
	year         = {2022},
	note         = {Abgerufen am 15. März 2022}
}

@misc{flutterwikipediaDE,
	author       = {Wikipedia},
	title        = {Flutter software},
	howpublished = {\url{https://de.wikipedia.org/wiki/Flutter_(Software)}},
	year         = {2022},
	note         = {Abgerufen am 16. März 2022}
}

@misc{flutterstatelesswidgets,
	author       = {Flutter},
	title        = {StatelessWidget class},
	howpublished = {\url{https://api.flutter.dev/flutter/widgets/StatelessWidget-class.html}},
	year         = {2022},
	note         = {Abgerufen am 16. März 2022}
}

@misc{flutterstatefulwidgets,
	author       = {Flutter},
	title        = {StatefulWidget class},
	howpublished = {\url{https://api.flutter.dev/flutter/widgets/StatefulWidget-class.html}},
	year         = {2022},
	note         = {Abgerufen am 17. März 2022}
}

@misc{ipcsockets,
	author       = {Wikipedia},
	title        = {Berkeley sockets},
	howpublished = {\url{https://en.wikipedia.org/wiki/Berkeley_sockets#Client-server_example_using_TCP}},
	year         = {2022},
	note         = {Abgerufen am 18. März 2022}
}

@misc{rustlangbookownership1,
  author       = {Steve Klabnik, Carol Nichols, Rust Community},
  howpublished = {\url{https://doc.rust-lang.org/book/ch04-01-what-is-ownership.html}},
  title        = {Rust Book Ownership},
  year         = {2022},
  note         = {Abgerufen am 15. März 2022}
}

@misc{rustlangbookownership2,
  author       = {Steve Klabnik, Carol Nichols, Rust Community},
  howpublished = {\url{https://doc.rust-lang.org/book/ch04-01-what-is-ownership.html#ownership-rules}},
  title        = {Rust Book Ownership-Regeln},
  year         = {2022},
  note         = {Abgerufen am 15. März 2022}
}

@misc{rustlangbook1,
  author       = {Steve Klabnik, Carol Nichols, Rust Community},
  howpublished = {\url{https://doc.rust-lang.org/book/ch00-00-introduction.html}},
  title        = {Rust Programmiersprache},
  year         = {2022},
  note         = {Abgerufen am 15. März 2022}
}

@misc{googlechrome70,
  author       = {The Chromium Project},
  howpublished = {\url{https://www.chromium.org/Home/chromium-security/memory-safety/}},
  title        = {Chromium Speicherbugs},
  year         = {2022},
  note         = {Abgerufen am 15. März 2022}
}

@misc{slintfunktion,
  author       = {Simon Hausmann, Olivier Goffart, Kontributoren},
  howpublished = {\url{https://github.com/slint-ui/slint}},
  title        = {Slint Funktionsweise},
  year         = {2022},
  note 	  	   = {Abgerufen am 17. März 2022}
}

@misc{passwordhashingcmp,
  author       = {PHC-Team},
  howpublished = {\url{https://www.password-hashing.net/}},
  title        = {Password Hashing Competition},
  year         = {2019},
  note		   = {Abgerufen am 18. März 2022}
}

@misc{phcstring,
  author       = {PHC-Team},
  howpublished = {\url{https://github.com/P-H-C/phc-string-format/blob/master/phc-sf-spec.md}},
  title        = {PHC-String-Format},
  year         = {2021}
}